%%% I- Imagerie par r\'esonnance magn\'etique %%%


%@article{Christen_Rad_12,
%author={Christen, Thomas and Lemasson, Benjamin and },
%title={Physiologically Based Model of Acute Ischemic Stroke},
%journal={Radiology},
%year={2012}
%}

@article{christen2012l,
author={Christen, Thomas and Lemasson, Benjamin and Pannetier, Nicolas and Farion, Regine and Remy, Chantal and Zaharchuk MD, Greg and Barbier, Emmanuel L.},
title={Is T2${}^{\ast}$ Enough to Access Oxygenation ? %
Quantitative Blood Oxygen-Level Dependant Analysis in Brain Tumor},
journal={Radiology},
year={2012}
}













%%% II- L'accident vasculaire cérébral ischémique %%%

@article{epi_hem16,
author={Lecoffre, Camille and de Peretti, Christine and Gabet, Amélie and Grimaud, Olivier and Woimant, %
France and Giroud, Maurice and Béjot, Yannick and Olié, Valérie},
title={L'accident vasculaire cérébral en France : patients hospitalisés pour AVC en 2014, et évolutions 2008-2014},
journal={Bulletin Epidémiologique hebdomadaire},
year={2016}
}



@book{pat_neu,
title={Le patient neurochirurgical},
author={Patrick Ravussin},
publisher={Springer},
year={2003}
}


@misc{vib_dsc,
author={Dr Jean-François Vibert},
title={Le débit sanguin cérébral},
year={2007},
publisher={Faculté de médecine Pierre et Marie Curie}
}



@article{bufr97,
author={Buxton, Richard B. and Franck, Lawrence R.},
title={A Model for the Coupling between Cerebral Blood Flow and Oxygen Metabolism during Neural Stimulation},
journal={Journal of Cerebral Blood Flow and Metabolism},
year={1997}
}

















@article{grdr1,
author={Dronne,Marie-Aim\'ee and Boissel,Jean-Pierre and Grenier,Emmanuel},
title={A mathematical model for filtration and macromolecule transport across capillary walls},
journal={Journal of Theoretical Biology},
year={2006}
}


@article{Durukan_PBB_07,
author={Durukan, Aysan and Tatlisumak, Turgut},
title={Acute Ischamis Stroke : Overview of major experimental rodent models, %
pathophysiology, and therapy of focal cerebral ischemia},
journal={Pharmacology, Biochemistry and Behavior},
year={2007}
}











@article{Duval_JCBFM_02,
author={Duval, Vincent and Chabaud, Sylvie and Girard, Pascal and Cucherat, Michel and Hommel, Marc %
and Boissel, Jean Pierre},
title={Physiologically Based Model of Acute Ischemic Stroke},
journal={Journal of Cerebral Blood Flow and Metabolism},
year={2002}
}

@unpublished{lar_poly_09,
author={Professeur Vincent Larrue},
title={Les accidents vasculaires cérébraux},
year={2009}
}







%%% III- M\'ethodes %%%

@PhDThesis{Lem_PHD_10,
title = {Evaluation de l’IRM multiparamétrique comme indicateur de l’effet de thérapies anti-angiogéniques sur des modèles de gliomes implantés chez le rat},
author = {Lemasson, Benjamin},
school = {Grenoble Institute of Neurosciences},
year = {2010}}





@article{Kelly_PMB_06,
title={A model to simulate tumor oxygenation and dynamic [18F]-Fmiso PET data.},
author={Kelly, Catherine J and Brady, Michael},
journal={Physics in Medicine and Biology},
year={2006}
}






%%% R\'esultats %%%








%%% Discussion %%%
